% Encoding: UTF-8

@article{eisert2000quantum,
  title={Quantum games},
  author={Eisert, Jens and Wilkens, Martin},
  journal={Journal of Modern Optics},
  volume={47},
  number={14-15},
  pages={2543--2556},
  year={2000},
  publisher={Taylor \& Francis},
  doi={10.1080/09500340008232180}
}

@article{eisert1999quantum,
  title={Quantum games and quantum strategies},
  author={Eisert, Jens and Wilkens, Martin and Lewenstein, Maciej},
  journal={Physical Review Letters},
  volume={83},
  number={15},
  pages={3077},
  year={1999},
  publisher={APS},
  doi={10.1103/PhysRevLett.83.3077}
}

@article{benjamin2001comment,
  title={Comment on “Quantum Games and Quantum Strategies''},
  author={Benjamin, Simon C and Hayden, Patrick M},
  journal={Physical Review Letters},
  volume={87},
  number={6},
  pages={069801},
  year={2001},
  publisher={APS},
  doi={10.1103/PhysRevLett.87.069801}
}

@article{meyer1999quantum,
  title={Quantum strategies},
  author={Meyer, David A},
  journal={Physical Review Letters},
  volume={82},
  number={5},
  pages={1052},
  year={1999},
  publisher={APS},
  doi={10.1103/PhysRevLett.82.1052}
}

@article{szopa2021efficiency,
  title={Efficiency of classical and quantum games equilibria},
  author={Szopa, Marek},
  journal={Entropy},
  volume={23},
  number={5},
  pages={506},
  year={2021},
  publisher={Multidisciplinary Digital Publishing Institute},
  doi={10.3390/e23050506}
}

@article{frackiewicz2010application,
  title={Application of the EWL protocol to decision problems with imperfect recall},
  author={Frackiewicz, Piotr},
  journal={arXiv preprint arXiv:1012.0806},
  year={2010},
  doi={10.48550/arXiv.1012.0806}
}

@article{frackiewicz2017quantum,
  title={Quantum games with strategies induced by basis change rules},
  author={Fr{\k{a}}ckiewicz, Piotr and Pykacz, Jaros{\l}aw},
  journal={International Journal of Theoretical Physics},
  volume={56},
  number={12},
  pages={4017--4028},
  year={2017},
  publisher={Springer},
  doi={10.1007/s10773-017-3423-6}
}

@article{rycerz2020quantum,
  title={A quantum approach to twice-repeated 2 $\times$ 2 game},
  author={Rycerz, Katarzyna and Fr{\k{a}}ckiewicz, Piotr},
  journal={Quantum Information Processing},
  volume={19},
  number={8},
  pages={1--20},
  year={2020},
  publisher={Springer},
  doi={10.1007/s11128-020-02743-0}
}

@article{galas2019quantum,
  title={Quantum games on IBM-Q},
  author={Galas, Filip},
  year={2019}
}

@article{kotara2022analiza,
  title={Analiza użycia schematu EWL na urządzeniach kwantowych typu NISQ},
  author={Kotara, Piotr},
  year={2022}
}

@article{chen2006well,
  title={How well do people play a quantum prisoner's dilemma?},
  author={Chen, Kay-Yut and Hogg, Tad},
  journal={Quantum Information Processing},
  volume={5},
  number={1},
  pages={43--67},
  year={2006},
  publisher={Springer},
  doi={10.1007/s11128-006-0012-7}
}

@article{frackiewicz2022quantum,
  title={Quantum absentminded driver problem revisited},
  author={Fr{\k{a}}ckiewicz, Piotr and Rycerz, Katarzyna and Szopa, Marek},
  journal={Quantum Information Processing},
  volume={21},
  number={1},
  pages={1--21},
  year={2022},
  publisher={Springer},
  doi={10.1007/s11128-021-03377-6}
}

@article{nielsen2001quantum,
  title={Quantum computation and quantum information},
  author={Nielsen, Michael A and Chuang, Isaac L},
  journal={Phys. Today},
  volume={54},
  number={2},
  pages={60},
  year={2001},
  doi={10.1017/CBO9780511976667}
}

@misc{ Qiskit,
       author = {MD SAJID ANIS and Abby-Mitchell and H{\'e}ctor Abraham and AduOffei and Rochisha Agarwal and Gabriele Agliardi and Merav Aharoni and Ismail Yunus Akhalwaya and Gadi Aleksandrowicz and Thomas Alexander and Matthew Amy and Sashwat Anagolum and Anthony-Gandon and Eli Arbel and Abraham Asfaw and Anish Athalye and Artur Avkhadiev and Carlos Azaustre and PRATHAMESH BHOLE and Abhik Banerjee and Santanu Banerjee and Will Bang and Aman Bansal and Panagiotis Barkoutsos and Ashish Barnawal and George Barron and George S. Barron and Luciano Bello and Yael Ben-Haim and M. Chandler Bennett and Daniel Bevenius and Dhruv Bhatnagar and Arjun Bhobe and Paolo Bianchini and Lev S. Bishop and Carsten Blank and Sorin Bolos and Soham Bopardikar and Samuel Bosch and Sebastian Brandhofer and Brandon and Sergey Bravyi and Nick Bronn and Bryce-Fuller and David Bucher and Artemiy Burov and Fran Cabrera and Padraic Calpin and Lauren Capelluto and Jorge Carballo and Gin{\'e}s Carrascal and Adam Carriker and Ivan Carvalho and Adrian Chen and Chun-Fu Chen and Edward Chen and Jielun (Chris) Chen and Richard Chen and Franck Chevallier and Kartik Chinda and Rathish Cholarajan and Jerry M. Chow and Spencer Churchill and CisterMoke and Christian Claus and Christian Clauss and Caleb Clothier and Romilly Cocking and Ryan Cocuzzo and Jordan Connor and Filipe Correa and Zachary Crockett and Abigail J. Cross and Andrew W. Cross and Simon Cross and Juan Cruz-Benito and Chris Culver and Antonio D. C{\'o}rcoles-Gonzales and Navaneeth D and Sean Dague and Tareq El Dandachi and Animesh N Dangwal and Jonathan Daniel and Marcus Daniels and Matthieu Dartiailh and Abd{\'o}n Rodr{\'\i}guez Davila and Faisal Debouni and Anton Dekusar and Amol Deshmukh and Mohit Deshpande and Delton Ding and Jun Doi and Eli M. Dow and Eric Drechsler and Eugene Dumitrescu and Karel Dumon and Ivan Duran and Kareem EL-Safty and Eric Eastman and Grant Eberle and Amir Ebrahimi and Pieter Eendebak and Daniel Egger and ElePT and Emilio and Alberto Espiricueta and Mark Everitt and Davide Facoetti and Farida and Paco Mart{\'\i}n Fern{\'a}ndez and Samuele Ferracin and Davide Ferrari and Axel Hern{\'a}ndez Ferrera and Romain Fouilland and Albert Frisch and Andreas Fuhrer and Bryce Fuller and MELVIN GEORGE and Julien Gacon and Borja Godoy Gago and Claudio Gambella and Jay M. Gambetta and Adhisha Gammanpila and Luis Garcia and Tanya Garg and Shelly Garion and James R. Garrison and Jim Garrison and Tim Gates and Leron Gil and Austin Gilliam and Aditya Giridharan and Juan Gomez-Mosquera and Gonzalo and Salvador de la Puente Gonz{\'a}lez and Jesse Gorzinski and Ian Gould and Donny Greenberg and Dmitry Grinko and Wen Guan and Dani Guijo and John A. Gunnels and Harshit Gupta and Naman Gupta and Jakob M. G{\"u}nther and Mikael Haglund and Isabel Haide and Ikko Hamamura and Omar Costa Hamido and Frank Harkins and Kevin Hartman and Areeq Hasan and Vojtech Havlicek and Joe Hellmers and {\L}ukasz Herok and Stefan Hillmich and Hiroshi Horii and Connor Howington and Shaohan Hu and Wei Hu and Junye Huang and Rolf Huisman and Haruki Imai and Takashi Imamichi and Kazuaki Ishizaki and Ishwor and Raban Iten and Toshinari Itoko and Alexander Ivrii and Ali Javadi and Ali Javadi-Abhari and Wahaj Javed and Qian Jianhua and Madhav Jivrajani and Kiran Johns and Scott Johnstun and Jonathan-Shoemaker and JosDenmark and JoshDumo and John Judge and Tal Kachmann and Akshay Kale and Naoki Kanazawa and Jessica Kane and Kang-Bae and Annanay Kapila and Anton Karazeev and Paul Kassebaum and Tobias Kehrer and Josh Kelso and Scott Kelso and Vismai Khanderao and Spencer King and Yuri Kobayashi and Kovi11Day and Arseny Kovyrshin and Rajiv Krishnakumar and Vivek Krishnan and Kevin Krsulich and Prasad Kumkar and Gawel Kus and Ryan LaRose and Enrique Lacal and Rapha{\"e}l Lambert and Haggai Landa and John Lapeyre and Joe Latone and Scott Lawrence and Christina Lee and Gushu Li and Jake Lishman and Dennis Liu and Peng Liu and Lolcroc and Abhishek K M and Liam Madden and Yunho Maeng and Saurav Maheshkar and Kahan Majmudar and Aleksei Malyshev and Mohamed El Mandouh and Joshua Manela and Manjula and Jakub Marecek and Manoel Marques and Kunal Marwaha and Dmitri Maslov and Pawe{\l} Maszota and Dolph Mathews and Atsushi Matsuo and Farai Mazhandu and Doug McClure and Maureen McElaney and Cameron McGarry and David McKay and Dan McPherson and Srujan Meesala and Dekel Meirom and Corey Mendell and Thomas Metcalfe and Martin Mevissen and Andrew Meyer and Antonio Mezzacapo and Rohit Midha and Daniel Miller and Zlatko Minev and Abby Mitchell and Nikolaj Moll and Alejandro Montanez and Gabriel Monteiro and Michael Duane Mooring and Renier Morales and Niall Moran and David Morcuende and Seif Mostafa and Mario Motta and Romain Moyard and Prakash Murali and Jan M{\"u}ggenburg and Tristan NEMOZ and David Nadlinger and Ken Nakanishi and Giacomo Nannicini and Paul Nation and Edwin Navarro and Yehuda Naveh and Scott Wyman Neagle and Patrick Neuweiler and Aziz Ngoueya and Thien Nguyen and Johan Nicander and Nick-Singstock and Pradeep Niroula and Hassi Norlen and NuoWenLei and Lee James O'Riordan and Oluwatobi Ogunbayo and Pauline Ollitrault and Tamiya Onodera and Raul Otaolea and Steven Oud and Dan Padilha and Hanhee Paik and Soham Pal and Yuchen Pang and Ashish Panigrahi and Vincent R. Pascuzzi and Simone Perriello and Eric Peterson and Anna Phan and Kuba Pilch and Francesco Piro and Marco Pistoia and Christophe Piveteau and Julia Plewa and Pierre Pocreau and Alejandro Pozas-Kerstjens and Rafa{\l} Pracht and Milos Prokop and Viktor Prutyanov and Sumit Puri and Daniel Puzzuoli and Jes{\'u}s P{\'e}rez and Quant02 and Quintiii and Rafey Iqbal Rahman and Arun Raja and Roshan Rajeev and Isha Rajput and Nipun Ramagiri and Anirudh Rao and Rudy Raymond and Oliver Reardon-Smith and Rafael Mart{\'\i}n-Cuevas Redondo and Max Reuter and Julia Rice and Matt Riedemann and Rietesh and Drew Risinger and Marcello La Rocca and Diego M. Rodr{\'\i}guez and RohithKarur and Ben Rosand and Max Rossmannek and Mingi Ryu and Tharrmashastha SAPV and Nahum Rosa Cruz Sa and Arijit Saha and Abdullah Ash- Saki and Sankalp Sanand and Martin Sandberg and Hirmay Sandesara and Ritvik Sapra and Hayk Sargsyan and Aniruddha Sarkar and Ninad Sathaye and Bruno Schmitt and Chris Schnabel and Zachary Schoenfeld and Travis L. Scholten and Eddie Schoute and Mark Schulterbrandt and Joachim Schwarm and James Seaward and Sergi and Ismael Faro Sertage and Kanav Setia and Freya Shah and Nathan Shammah and Rohan Sharma and Yunong Shi and Jonathan Shoemaker and Adenilton Silva and Andrea Simonetto and Deeksha Singh and Divyanshu Singh and Parmeet Singh and Phattharaporn Singkanipa and Yukio Siraichi and Siri and Jes{\'u}s Sistos and Iskandar Sitdikov and Seyon Sivarajah and Magnus Berg Sletfjerding and John A. Smolin and Mathias Soeken and Igor Olegovich Sokolov and Igor Sokolov and Vicente P. Soloviev and SooluThomas and Starfish and Dominik Steenken and Matt Stypulkoski and Adrien Suau and Shaojun Sun and Kevin J. Sung and Makoto Suwama and Oskar S{\l}owik and Hitomi Takahashi and Tanvesh Takawale and Ivano Tavernelli and Charles Taylor and Pete Taylour and Soolu Thomas and Kevin Tian and Mathieu Tillet and Maddy Tod and Miroslav Tomasik and Caroline Tornow and Enrique de la Torre and Juan Luis S{\'a}nchez Toural and Kenso Trabing and Matthew Treinish and Dimitar Trenev and TrishaPe and Felix Truger and Georgios Tsilimigkounakis and Davindra Tulsi and Wes Turner and Yotam Vaknin and Carmen Recio Valcarce and Francois Varchon and Adish Vartak and Almudena Carrera Vazquez and Prajjwal Vijaywargiya and Victor Villar and Bhargav Vishnu and Desiree Vogt-Lee and Christophe Vuillot and James Weaver and Johannes Weidenfeller and Rafal Wieczorek and Jonathan A. Wildstrom and Jessica Wilson and Erick Winston and WinterSoldier and Jack J. Woehr and Stefan Woerner and Ryan Woo and Christopher J. Wood and Ryan Wood and Steve Wood and James Wootton and Matt Wright and Lucy Xing and Jintao YU and Bo Yang and Unchun Yang and Jimmy Yao and Daniyar Yeralin and Ryota Yonekura and David Yonge-Mallo and Ryuhei Yoshida and Richard Young and Jessie Yu and Lebin Yu and Christopher Zachow and Laura Zdanski and Helena Zhang and Iulia Zidaru and Christa Zoufal and aeddins-ibm and alexzhang13 and b63 and bartek-bartlomiej and bcamorrison and brandhsn and charmerDark and deeplokhande and dekel.meirom and dime10 and dlasecki and ehchen and fanizzamarco and fs1132429 and gadial and galeinston and georgezhou20 and georgios-ts and gruu and hhorii and hykavitha and itoko and jeppevinkel and jessica-angel7 and jezerjojo14 and jliu45 and jscott2 and klinvill and krutik2966 and ma5x and michelle4654 and msuwama and nico-lgrs and ntgiwsvp and ordmoj and sagar pahwa and pritamsinha2304 and ryancocuzzo and saktar-unr and saswati-qiskit and septembrr and sethmerkel and sg495 and shaashwat and smturro2 and sternparky and strickroman and tigerjack and tsura-crisaldo and upsideon and vadebayo49 and welien and willhbang and wmurphy-collabstar and yang.luh and Mantas {\v{C}}epulkovskis},
       title = {Qiskit: An Open-source Framework for Quantum Computing},
       year = {2021},
       doi = {10.5281/zenodo.2573505}
}

@article{10.7717/peerj-cs.103,
 title = {SymPy: symbolic computing in Python},
 author = {Meurer, Aaron and Smith, Christopher P. and Paprocki, Mateusz and \v{C}ert\'{i}k, Ond\v{r}ej and Kirpichev, Sergey B. and Rocklin, Matthew and Kumar, AMiT and Ivanov, Sergiu and Moore, Jason K. and Singh, Sartaj and Rathnayake, Thilina and Vig, Sean and Granger, Brian E. and Muller, Richard P. and Bonazzi, Francesco and Gupta, Harsh and Vats, Shivam and Johansson, Fredrik and Pedregosa, Fabian and Curry, Matthew J. and Terrel, Andy R. and Rou\v{c}ka, \v{S}t\v{e}p\'{a}n and Saboo, Ashutosh and Fernando, Isuru and Kulal, Sumith and Cimrman, Robert and Scopatz, Anthony},
 year = 2017,
 month = jan,
 keywords = {Python, Computer algebra system, Symbolics},
 abstract = {
            SymPy is an open source computer algebra system written in pure Python. It is built with a focus on extensibility and ease of use, through both interactive and programmatic applications. These characteristics have led SymPy to become a popular symbolic library for the scientific Python ecosystem. This paper presents the architecture of SymPy, a description of its features, and a discussion of select submodules. The supplementary material provide additional examples and further outline details of the architecture and features of SymPy.
         },
 volume = 3,
 pages = {e103},
 journal = {PeerJ Computer Science},
 issn = {2376-5992},
 url = {https://doi.org/10.7717/peerj-cs.103},
 doi = {10.7717/peerj-cs.103}
}

@ARTICLE{2020SciPy-NMeth,
  author  = {Virtanen, Pauli and Gommers, Ralf and Oliphant, Travis E. and
            Haberland, Matt and Reddy, Tyler and Cournapeau, David and
            Burovski, Evgeni and Peterson, Pearu and Weckesser, Warren and
            Bright, Jonathan and {van der Walt}, St{\'e}fan J. and
            Brett, Matthew and Wilson, Joshua and Millman, K. Jarrod and
            Mayorov, Nikolay and Nelson, Andrew R. J. and Jones, Eric and
            Kern, Robert and Larson, Eric and Carey, C J and
            Polat, {\.I}lhan and Feng, Yu and Moore, Eric W. and
            {VanderPlas}, Jake and Laxalde, Denis and Perktold, Josef and
            Cimrman, Robert and Henriksen, Ian and Quintero, E. A. and
            Harris, Charles R. and Archibald, Anne M. and
            Ribeiro, Ant{\^o}nio H. and Pedregosa, Fabian and
            {van Mulbregt}, Paul and {SciPy 1.0 Contributors}},
  title   = {{{SciPy} 1.0: Fundamental Algorithms for Scientific
            Computing in Python}},
  journal = {Nature Methods},
  year    = {2020},
  volume  = {17},
  pages   = {261--272},
  adsurl  = {https://rdcu.be/b08Wh},
  doi     = {10.1038/s41592-019-0686-2},
}

@misc{pytest,
  title =        {pytest},
  author = {Krekel, Holger and Oliveira, Bruno and Pfannschmidt, Ronny and Bruynooghe, Floris and Laugher, Brianna and Bruhin, Florian},
  year =         {2004},
  url = {https://github.com/pytest-dev/pytest},
}

% maybe

@article{shaik2014best,
  title={Best Response Analysis in Two Person Quantum Games},
  author={Shaik, Azharuddin and Ahmed, Aden},
  journal={Advances in Pure Mathematics},
  volume={2014},
  year={2014},
  publisher={Scientific Research Publishing},
  doi={10.4236/apm.2014.47045}
}

@article{khan2021calculating,
  title={Calculating Nash equilibrium and Nash bargaining solution on quantum annealers},
  author={Khan, Faisal Shah},
  journal={arXiv preprint arXiv:2112.12583},
  year={2021},
  doi={arXiv:2112.12583}
}

@article{flitney2007nash,
  title={Nash equilibria in quantum games with generalized two-parameter strategies},
  author={Flitney, Adrian P and Hollenberg, Lloyd CL},
  journal={Physics Letters A},
  volume={363},
  number={5-6},
  pages={381--388},
  year={2007},
  publisher={Elsevier},
  doi={10.1016/j.physleta.2006.11.044}
}

@article{endres2018simplicial,
  title={A simplicial homology algorithm for Lipschitz optimisation},
  author={Endres, Stefan C and Sandrock, Carl and Focke, Walter W},
  journal={Journal of Global Optimization},
  volume={72},
  number={2},
  pages={181--217},
  year={2018},
  publisher={Springer},
  doi={10.1007/s10898-018-0645-y}
}

@software{PythonEWL2022,
  author = {Tomasz Zawadzki and Piotr Kotara},
  title = {A Python tool for symbolic analysis of quantum games in EWL protocol with IBM Q integration},
  howpublished = {\url{https://github.com/tomekzaw/ewl}},
}

@misc{nashpyproject,
  author       = {{{The Nashpy project developers}}},
  title        = {Nashpy: v0.0.34},
  doi          = {10.5281/zenodo.6620830}
}

@article{mckelvey2006gambit,
  title={Gambit: Software tools for game theory},
  author={McKelvey, Richard D and McLennan, Andrew M and Turocy, Theodore L},
  year={2006},
  publisher={Version 0.2006. 01.20}
}

% po polsku

@article{Szopa_2014,
  title={Dlaczego w dylemat więźnia warto grać kwantowo?},
  number={178178},
  journal={Studia Ekonomiczne},
  publisher={Uniwersytet Ekonomiczny w Katowicach},
  author={Szopa, Marek},
  year={2014},
  pages={174–-189},
  issn={2083-8611}
}

% old references

@article{lemke1964equilibrium,
  title={Equilibrium points of bimatrix games},
  author={Lemke, Carlton E and Howson, Jr, Joseph T},
  journal={Journal of the Society for industrial and Applied Mathematics},
  volume={12},
  number={2},
  pages={413--423},
  year={1964},
  publisher={SIAM},
  doi={10.1137/0112033}
}

@article{landsburg2011nash,
  title={Nash equilibria in quantum games},
  author={Landsburg, Steven},
  journal={Proceedings of the American Mathematical Society},
  volume={139},
  number={12},
  pages={4423--4434},
  year={2011},
  doi={arXiv:1110.1351}
}

@article{bostanci2021quantum,
  title={Quantum game theory and the complexity of approximating quantum Nash equilibria},
  author={Bostanci, John and Watrous, John},
  journal={arXiv preprint arXiv:2102.00512},
  year={2021},
  doi={arXiv:2102.00512}
}

@book{robinson2005topology,
  title={The topology of the 2x2 games: a new periodic table},
  author={Robinson, David and Goforth, David},
  volume={3},
  year={2005},
  publisher={Psychology Press},
  doi={10.4324/9780203340271}
}

@article{bruns2015names,
  title={Names for games: locating 2 $\times$ 2 games},
  author={Bruns, Bryan Randolph},
  journal={Games},
  volume={6},
  number={4},
  pages={495--520},
  year={2015},
  publisher={Multidisciplinary Digital Publishing Institute},
  doi={10.3390/g6040495}
}

@article{khan2018quantum,
  title={Quantum games: a review of the history, current state, and interpretation},
  author={Khan, Faisal Shah and Solmeyer, Neal and Balu, Radhakrishnan and Humble, Travis S},
  journal={Quantum Information Processing},
  volume={17},
  number={11},
  pages={1--42},
  year={2018},
  publisher={Springer},
  doi={10.1007/s11128-018-2082-8}
}

@article{kolokoltsov2019quantum,
  title={Quantum games: a survey for mathematicians},
  author={Kolokoltsov, Vassili},
  journal={arXiv preprint arXiv:1909.04466},
  year={2019},
  doi={arXiv:1909.04466}
}

@article{benjamin2001multiplayer,
  title={Multiplayer quantum games},
  author={Benjamin, Simon C and Hayden, Patrick M},
  journal={Physical Review A},
  volume={64},
  number={3},
  pages={030301},
  year={2001},
  publisher={APS},
  doi={10.1103/PhysRevA.64.030301}
}

% quantum games

@article{fuchs2020quantum,
  title={Quantum Poker—a game for quantum computers suitable for benchmarking error mitigation techniques on NISQ devices},
  author={Fuchs, Franz G and Falch, Vemund and Johnsen, Christian},
  journal={The European Physical Journal Plus},
  volume={135},
  number={4},
  pages={353},
  year={2020},
  publisher={Springer Berlin Heidelberg},
  doi={10.1140/epjp/s13360-020-00360-5}
}

@article{goff2006quantum,
  title={Quantum tic-tac-toe: A teaching metaphor for superposition in quantum mechanics},
  author={Goff, Allan},
  journal={American Journal of Physics},
  volume={74},
  number={11},
  pages={962--973},
  year={2006},
  publisher={American Association of Physics Teachers},
  doi={10.1119/1.2213635}
}

@article{mura2021quantization,
  title={Quantization of blackjack: Quantum basic strategy and advantage},
  author={Mura, Yushi and Wada, Hiroki},
  journal={Progress of Theoretical and Experimental Physics},
  volume={2021},
  number={10},
  pages={103A02},
  year={2021},
  publisher={Oxford University Press},
  doi={10.1093/ptep/ptab125}
}

@article{powell1964efficient,
  title={An efficient method for finding the minimum of a function of several variables without calculating derivatives},
  author={Powell, Michael JD},
  journal={The computer journal},
  volume={7},
  number={2},
  pages={155--162},
  year={1964},
  publisher={Oxford University Press},
  doi={10.1093/comjnl/7.2.155}
}

@article{nelder1965simplex,
  title={A simplex method for function minimization},
  author={Nelder, John A and Mead, Roger},
  journal={The computer journal},
  volume={7},
  number={4},
  pages={308--313},
  year={1965},
  publisher={Oxford University Press},
  doi={10.1093/comjnl/7.4.308}
}

@article{platkowski2012wstkep,
  title={Wst{\k{e}}p do teorii gier},
  author={P{\l}atkowski, Tadeusz},
  journal={Uniwersytet Warszawski},
  year={2012}
}
